@phdthesis{KoenThesis,
  title  = {Random Walks on Arakelov Class Groups.},
  author = {Boer, {K. de}},
  year   = {2022},
  school = {Leiden University},
  note   = {Available on request from the author}
}

@book{Cohen2,
  title={Advanced Topics in Computational Number Theory},
  author={Cohen, H.},
  isbn={9780387987279},
  lccn={99020756},
  series={Graduate Texts in Mathematics},
  url={https://books.google.nl/books?id=Vaq2154dsQIC},
  year={1999},
  publisher={Springer New York}
}

@book{Cohen1,
  title={A course in computational algebraic number theory},
  author={Cohen, Henri},
  volume={8},
  year={1993},
  publisher={Springer-Verlag Berlin}
}

@article{Blanco,
  title={On the RLWE/PLWE equivalence for cyclotomic number fields},
  author={Blanco-Chac{\'o}n, Iv{\'a}n},
  journal={Applicable Algebra in Engineering, Communication and Computing},
  volume={33},
  number={1},
  pages={53--71},
  year={2022},
  publisher={Springer}
}

@book{Marcus,
  title={Number fields},
  author={Marcus, Daniel A and Sacco, Emanuele},
  volume={1995},
  year={1977},
  publisher={Springer}
}


@inproceedings{NTRUPrime,
  title={NTRU prime: reducing attack surface at low cost},
  author={Bernstein, Daniel J and Chuengsatiansup, Chitchanok and Lange, Tanja and van Vredendaal, Christine},
  booktitle={Selected Areas in Cryptography--SAC 2017: 24th International Conference, Ottawa, ON, Canada, August 16-18, 2017, Revised Selected Papers 24},
  pages={235--260},
  year={2018},
  organization={Springer}
}

@article{CLWE,
  title={Non-commutative ring learning with errors from cyclic algebras},
  author={Grover, Charles and Mendelsohn, Andrew and Ling, Cong and Vehkalahti, Roope},
  journal={Journal of Cryptology},
  volume={35},
  number={3},
  pages={22},
  year={2022},
  publisher={Springer}
}

@book{Siegel89,
  title     = "Lectures on the Geometry of Numbers",
  author    = {Siegel, Carl Ludwig  and  Chandrasekharan, Komaravolu},
  year      = 1989,
  publisher = {Springer}
}


@book{CS99,
  title     = "Sphere Packings, Lattices and Groups",
  author    = {Conway, J.~H.  and  Sloane, N.~J.~A.},
  year      = 1999,
  publisher = {Springer}
}

@article{Bana93,
title=  "New bounds in some transference theorems in the geometry of numbers",
author = {Banaszczyk, W.},
journal =  {Mathematische Annalen},
number = {296 (1)},
pages = {625--635},
published = {Springer},
year = {1993}
}

@unpublished{NSD15,
  title = {Dimension-preserving reductions between lattice problems},
  note = {Available at \url{http://noahsd.com/latticeproblems.pdf}},
  author = {{Stephens-Davidowitz}, N.},
  year = {2015}
}

@book{Higham02,
  title     = "Accuracy and Stability of Numerical Algorithms",
  author    = {Higham, N. J.},
  year      = 2002,
  publisher = {SIAM}
}
